@misc{topo,
  title = {Implementing Parallel Topological Sort in a Java Graph
Library},
  author = {Jochem Schutte},
  howpublished = {http://fmt.cs.utwente.nl/files/sprojects/64.pdf}
}
@misc{make,
  title = {GNU Make},
  howpublished = {http://www.gnu.org/software/make/}
}
@misc{assignment,
  title = {Project 2: Remodel: Make Done Right},
  howpublished = {http://plasma.cs.umass.edu/emery/project-2}
}
